<record><leader>00000cas a22000007a 4500</leader><controlfield tag="001">22217648</controlfield><controlfield tag="008">900814d197419uumnuwr ne      0    0eng d</controlfield><datafield ind1=" " ind2=" " tag="010"><subfield code="a">sn 90060079 </subfield></datafield><datafield ind1=" " ind2=" " tag="040"><subfield code="a">MN#</subfield><subfield code="b">eng</subfield><subfield code="c">MN#</subfield><subfield code="d">OCLCQ</subfield><subfield code="d">OCLCF</subfield><subfield code="d">OCLCO</subfield></datafield><datafield ind1="1" ind2=" " tag="029"><subfield code="a">AU@</subfield><subfield code="b">000025902704</subfield></datafield><datafield ind1=" " ind2=" " tag="042"><subfield code="a">msc</subfield></datafield><datafield ind1=" " ind2=" " tag="043"><subfield code="a">n-us-mn</subfield></datafield><datafield ind1=" " ind2=" " tag="052"><subfield code="a">4144</subfield><subfield code="b">S7</subfield><subfield code="b">M37</subfield><subfield code="b">N7</subfield><subfield code="b">O16</subfield><subfield code="b">W5</subfield></datafield><datafield ind1=" " ind2=" " tag="052"><subfield code="a">4143</subfield><subfield code="b">D3</subfield><subfield code="b">R2</subfield><subfield code="b">W5</subfield></datafield><datafield ind1="0" ind2=" " tag="130"><subfield code="a">Midweek sun (South Saint Paul, Minn. : East suburban ed.)</subfield></datafield><datafield ind1="0" ind2="0" tag="245"><subfield code="a">Midweek sun.</subfield></datafield><datafield ind1=" " ind2=" " tag="260"><subfield code="a">South St. Paul, Minn. :</subfield><subfield code="b">Sun Newspapers,</subfield><subfield code="c">1974-</subfield></datafield><datafield ind1=" " ind2=" " tag="300"><subfield code="a">v.</subfield></datafield><datafield ind1=" " ind2=" " tag="310"><subfield code="a">Weekly</subfield></datafield><datafield ind1="0" ind2=" " tag="362"><subfield code="a">Vol. 91, no. 52 (June 26, 1974)-</subfield></datafield><datafield ind1=" " ind2=" " tag="500"><subfield code="a">"Serving Maplewood, North St. Paul, Oakdale and the White Bear lake area."</subfield></datafield><datafield ind1=" " ind2=" " tag="530"><subfield code="a">Available on microfilm from the Minnesota Historical Society.</subfield></datafield><datafield ind1=" " ind2=" " tag="580"><subfield code="a">Formed by the union of: Midweek sun (Edina, Minn. : Maplewood-North Saint Paul ed.), and: Midweek sun (Edina, Minn. : White Bear ed.), and: Midweek sun (Edina, Minn. : Oakdale ed.).</subfield></datafield><datafield ind1=" " ind2="0" tag="651"><subfield code="a">South Saint Paul (Minn.)</subfield><subfield code="v">Newspapers.</subfield></datafield><datafield ind1=" " ind2="0" tag="651"><subfield code="a">Maplewood (Ramsey County, Minn.)</subfield><subfield code="v">Newspapers.</subfield></datafield><datafield ind1=" " ind2="0" tag="651"><subfield code="a">North Saint Paul (Minn.)</subfield><subfield code="v">Newspapers.</subfield></datafield><datafield ind1=" " ind2="0" tag="651"><subfield code="a">Oakdale (Washington County, Minn.)</subfield><subfield code="v">Newspapers.</subfield></datafield><datafield ind1=" " ind2="0" tag="651"><subfield code="a">White Bear Lake (Minn.)</subfield><subfield code="v">Newspapers.</subfield></datafield><datafield ind1=" " ind2="7" tag="655"><subfield code="a">Newspapers.</subfield><subfield code="2">fast</subfield><subfield code="0">(OCoLC)fst01423814</subfield></datafield><datafield ind1=" " ind2="7" tag="651"><subfield code="a">Minnesota</subfield><subfield code="z">Maplewood (Ramsey County)</subfield><subfield code="2">fast</subfield><subfield code="0">(OCoLC)fst01314543</subfield></datafield><datafield ind1=" " ind2="7" tag="651"><subfield code="a">Minnesota</subfield><subfield code="z">North Saint Paul.</subfield><subfield code="2">fast</subfield><subfield code="0">(OCoLC)fst01227918</subfield></datafield><datafield ind1=" " ind2="7" tag="651"><subfield code="a">Minnesota</subfield><subfield code="z">Oakdale (Washington County)</subfield><subfield code="2">fast</subfield><subfield code="0">(OCoLC)fst01315918</subfield></datafield><datafield ind1=" " ind2="7" tag="651"><subfield code="a">Minnesota</subfield><subfield code="z">South Saint Paul.</subfield><subfield code="2">fast</subfield><subfield code="0">(OCoLC)fst01208836</subfield></datafield><datafield ind1=" " ind2="7" tag="651"><subfield code="a">Minnesota</subfield><subfield code="z">White Bear Lake.</subfield><subfield code="2">fast</subfield><subfield code="0">(OCoLC)fst01219665</subfield></datafield><datafield ind1=" " ind2=" " tag="752"><subfield code="a">United States</subfield><subfield code="b">Minnesota</subfield><subfield code="c">Dakota</subfield><subfield code="d">South Saint Paul.</subfield></datafield><datafield ind1=" " ind2=" " tag="752"><subfield code="a">United States</subfield><subfield code="b">Minnesota</subfield><subfield code="c">Ramsey</subfield><subfield code="d">Maplewood.</subfield></datafield><datafield ind1=" " ind2=" " tag="752"><subfield code="a">United States</subfield><subfield code="b">Minnesota</subfield><subfield code="c">Ramsey</subfield><subfield code="d">North Saint Paul.</subfield></datafield><datafield ind1=" " ind2=" " tag="752"><subfield code="a">United States</subfield><subfield code="b">Minnesota</subfield><subfield code="c">Washington</subfield><subfield code="d">Oakdale.</subfield></datafield><datafield ind1=" " ind2=" " tag="752"><subfield code="a">United States</subfield><subfield code="b">Minnesota</subfield><subfield code="c">Ramsey</subfield><subfield code="d">White Bear Lake.</subfield></datafield><datafield ind1="1" ind2="4" tag="780"><subfield code="t">Midweek sun (Edina, Minn. : Maplewood-North Saint Paul ed.)</subfield><subfield code="w">(DLC)sn 90060077</subfield></datafield><datafield ind1="1" ind2="4" tag="780"><subfield code="t">Midweek sun (Edina, Minn. : White Bear ed.)</subfield><subfield code="w">(DLC)sn 90060983</subfield></datafield><datafield ind1="1" ind2="4" tag="780"><subfield code="t">Midweek sun (Edina, Minn. : Oakdale ed.)</subfield><subfield code="w">(DLC)sn 90060078</subfield></datafield></record>